@article{Storey1999171,
title = "Cognitive design elements to support the construction of a mental model during software exploration ",
author = "M.-A.D Storey and F.D Fracchia and H.A MÃ¼ller",
journal = "Journal of Systems and Software ",
volume = "44",
number = "3",
pages = "171 - 185",
year = "1999",
note = "",
issn = "0164-1212",
doi = "http://dx.doi.org/10.1016/S0164-1212(98)10055-9",
url = "http://www.sciencedirect.com/science/article/pii/S0164121298100559",
}

@Inbook{Koschke2008,
author="Koschke, Rainer",
title="Identifying and Removing Software Clones",
bookTitle="Software Evolution",
year="2008",
publisher="Springer Berlin Heidelberg",
address="Berlin, Heidelberg",
pages="15--36",
isbn="978-3-540-76440-3",
doi="10.1007/978-3-540-76440-3\_2",
url="http://dx.doi.org/10.1007/978-3-540-76440-3\_2",
}

@inproceedings{Tairas:2006:VCD:1188835.1188846,
 author = {Tairas, Robert and Gray, Jeff and Baxter, Ira},
 title = {Visualization of Clone Detection Results},
 booktitle = {Proceedings of the 2006 OOPSLA Workshop on Eclipse Technology eXchange},
 series = {eclipse '06},
 year = {2006},
 isbn = {1-59593-621-1},
 location = {Portland, Oregon, USA},
 pages = {50--54},
 numpages = {5},
 url = {http://doi.acm.org.proxy.uba.uva.nl:2048/10.1145/1188835.1188846},
 doi = {10.1145/1188835.1188846},
 acmid = {1188846},
 publisher = {ACM},
 address = {New York, NY, USA},
 keywords = {clone detection, visualization},
} 


@techreport{cloningsurvey,
	Author = {Chanchal Kumar Roy and James R. Cordy},
	Date-Added = {2016-12-15 10:16:46 +0000},
	Date-Modified = {2016-12-15 10:18:57 +0000},
	Institution = {Queen's University at Kingston, Ontario, Canada},
	Month = {September},
	Number = {2007-541},
	Title = {A Survey on Software Clone Detection Research},
	Year = {2007}}


@unpublished{klintslides,
	Author = {Paul Klint},
	Date-Added = {2016-12-15 11:35:16 +0000},
	Date-Modified = {2016-12-15 11:36:29 +0000},
	Note = {Lecture Slides},
	Title = {Towards Visual Software Analytics}}

